<?xml version="1.0" encoding="UTF-8"?><collection xmlns="http://www.loc.gov/MARC21/slim"><record><leader>00329nam--2200121-i-4500</leader><controlfield tag="001">000016929</controlfield><controlfield tag="002">20161230</controlfield><controlfield tag="005">20161230201032</controlfield><controlfield tag="008">060222s1000------------r-----000-0-eng-d</controlfield><datafield ind1=" " ind2=" " tag="080"><subfield code="a">621.382(061.3)</subfield></datafield><datafield ind1=" " ind2=" " tag="245"><subfield code="a">Cass-1990. lucrarile conferintei anuale de sem iconductoare</subfield></datafield><datafield ind1=" " ind2=" " tag="260"><subfield code="a">Bucuresti, Icce, 1990. Xxi + 472 P</subfield></datafield><datafield ind1=" " ind2=" " tag="852"><subfield code="a">79202</subfield></datafield></record></collection>